@article{chambon-sleep-scoring,
  TITLE = {{A deep learning architecture for temporal sleep stage classification using multivariate and multimodal time series}},
  AUTHOR = {Chambon, Stanislas and Galtier, Mathieu and Arnal, Pierrick J and Wainrib, Gilles and Gramfort, Alexandre},
  year = {2018}
}

@article{AASM,
    author = {Iber, Conrad and Ancoli-Israel, Sonia and Chesson, A.L. and Quan, Stuart},
    year = {2007},
    title = {The AASM Manual for the Scoring of Sleep and Associated Events: Rules, Terminology and Technical Specifications},
}

@book{rkmanual,
    author = {Anthony Kales and Allan Rechtschaffen},
    title = {A manual of standardized terminology, techniques and scoring system for sleep stages of human subjects.},
    year = {1968}, 
}

@article{MASS,
    author = {O'Reilly, Christian and Gosselin, Nadia and Carrier, Julie and Nielsen, Tore},
    title = {Montreal Archive of Sleep Studies: an open-access resource for instrument benchmarking and exploratory research},
    year = {2014}
}

@article{SleepPhysionet1,
  author={B. {Kemp} and A. H. {Zwinderman} and B. {Tuk} and H. A. C. {Kamphuisen} and J. J. L. {Oberye}},
  title={Analysis of a sleep-dependent neuronal feedback loop: the slow-wave microcontinuity of the EEG}, 
  year={2000},
 }
 
@article{SleepPhysionet2,
    author = {Ary L. Goldberger  and Luis A. N. Amaral  and Leon Glass  and Jeffrey M. Hausdorff  and Plamen Ch. Ivanov  and Roger G. Mark  and Joseph E. Mietus  and George B. Moody  and Chung-Kang Peng  and H. Eugene Stanley },
    title = {PhysioBank, PhysioToolkit, and PhysioNet: Components of a New Research Resource for Complex Physiologic Signals},
    year = {2000},
}

@article{mne-python,
    author={Gramfort, Alexandre and Luessi, Martin and Larson, Eric and Engemann, Denis and Strohmeier, Daniel and Brodbeck, Christian and Goj, Roman and Jas, Mainak and Brooks, Teon and Parkkonen, Lauri and Hämäläinen, Matti},   
    title={MEG and EEG data analysis with MNE-Python},      
    journal={Frontiers in Neuroscience},      
    year={2013},      
    url={https://www.frontiersin.org/article/10.3389/fnins.2013.00267},       
}

@article {braindecode,
	author = {Schirrmeister, Robin Tibor and Springenberg, Jost Tobias and Fiederer,
  Lukas Dominique Josef and Glasstetter, Martin and Eggensperger, Katharina and Tangermann, Michael and Hutter, Frank and Burgard, Wolfram and Ball, Tonio},
	title = {Deep learning with convolutional neural networks for EEG decoding and visualization},
	url = {http://dx.doi.org/10.1002/hbm.23730},
}

@article{bids,
  title = {The brain imaging data structure, a format for organizing and describing outputs of neuroimaging experiments},
  author = {Gorgolewski, Krzysztof  J. and Auer, Tibor and Calhoun, Vince D. and Craddock, Cameron R.  and Das, Samir and Duff, Eugene  P. and Flandin, Guillaume and Ghosh, Satrajit  S. and Glatard, Tristan and Halchenko, Yaroslav  O. and Handwerker, Daniel  A. and Hanke, Michael and Keator, David and Li, Xiangrui and Michael, Zachary and Maumet, Camille and Nichols, Nolan B.  and Nichols, Thomas  E. and Pellman, John and Poline, Jean-Baptiste and Rokem, Ariel and Schaefer, Gunnar and Sochat, Vanessa and Triplett, William and Turner, Jessica  A. and Varoquaux, Ga{\"e}l and Poldrack, Russell  A.},
  url = {https://www.hal.inserm.fr/inserm-01345616},
  year = {2016},
  month = Jun,
  doi = {10.1038/sdata.2016.44},
}

@article{bids-eeg,
    author = {Pernet, Cyril and Appelhoff, Stefan and Flandin, Guillaume and Phillips, Christophe and Delorme, Arnaud and Oostenveld, Robert},
    year = {2018},
    month = {01},
    title = {BIDS-EEG: an extension to the Brain Imaging Data Structure (BIDS) Specification for electroencephalography}
}

@article{mne-bids,
    url = {https://doi.org/10.21105/joss.01896},
    year = {2019},
    author = {Stefan Appelhoff and Matthew Sanderson and Teon L. Brooks and Marijn van Vliet and Romain Quentin and Chris Holdgraf and Maximilien Chaumon and Ezequiel Mikulan and Kambiz Tavabi and Richard Höchenberger and Dominik Welke and Clemens Brunner and Alexander P. Rockhill and Eric Larson and Alexandre Gramfort and Mainak Jas},
    title = {MNE-BIDS: Organizing electrophysiological data into the BIDS format and facilitating their analysis},
}

@misc{metrics,
    title={Metrics for Multi-Class Classification: an Overview}, 
    author={Margherita Grandini and Enrico Bagli and Giorgio Visani},
    year={2020},
    eprint={2008.05756},
    archivePrefix={arXiv},
    primaryClass={stat.ML}
}
